<?xml version="1.0" encoding="UTF-8"?><collection xmlns="http://www.loc.gov/MARC21/slim"><record><leader>00429nam--2200157-i-4500</leader><controlfield tag="001">000023739</controlfield><controlfield tag="002">20161230</controlfield><controlfield tag="005">20170121210322</controlfield><controlfield tag="008">060222s1000------------r-----000-0-eng-d</controlfield><datafield ind1=" " ind2=" " tag="080"><subfield code="a">547:539.193.43</subfield></datafield><datafield ind1=" " ind2=" " tag="100"><subfield code="a">Exner, Otto</subfield></datafield><datafield ind1=" " ind2=" " tag="245"><subfield code="a">Dipolo moments in organic chemistry</subfield></datafield><datafield ind1=" " ind2=" " tag="260"><subfield code="a">Stuttgart</subfield><subfield code="b">Georg Thieme Publishers</subfield><subfield code="c">1975</subfield></datafield><datafield ind1=" " ind2=" " tag="300"><subfield code="a">V+ 156 p.+ 27 Figures, + 10 Tabeles</subfield></datafield><datafield ind1=" " ind2=" " tag="852"><subfield code="a">45412</subfield></datafield><datafield ind1=" " ind2=" " tag="CAT"><subfield code="a">SYS</subfield><subfield code="c">20170121</subfield><subfield code="h">210322</subfield></datafield></record></collection>